<?xml version="1.0" encoding="utf-8"?>
<record xmlns="http://www.loc.gov/MARC21/slim" xmlns:xsi="http://www.w3.org/2001/XMLSchema-instance" xsi:schemaLocation="http://www.loc.gov/MARC21/slim http://www.loc.gov/standards/marcxml/schema/MARC21slim.xsd">
	<leader>     nam a22        4500</leader>
	<controlfield tag="001">363429</controlfield>
	<controlfield tag="003">NjP</controlfield>
	<controlfield tag="006">m        d        </controlfield>
	<controlfield tag="007">cr cn |||m|||a</controlfield>
	<controlfield tag="008">160803s1920    ua c    o     000 0 ara d</controlfield>
	<datafield ind1=" " ind2=" " tag="040">
		<subfield code="a">NNU</subfield>
		<subfield code="b">eng</subfield>
		<subfield code="e">rda</subfield>
		<subfield code="c">NNU</subfield>
	</datafield>
	<datafield ind1="1" ind2=" " tag="100">
		<subfield code="a">Shilḥut, Jirjis.</subfield>
	</datafield>
	<datafield ind1="1" ind2="0" tag="245">
		<subfield code="a">Ḥubuk al-darāriʼ al-murassaʻah bi-ha ḥabāʼik al-durar :</subfield>
		<subfield code="b">wa-hiya tasmīṭ al-farāʼid al-ghurr al-muntakhalah min qalāʼid al-durr aw ḥusn al-niẓām wa-al-sulūk fī tashtīr bada ʼiʻ &quot;nuẓum al-sulūk&quot;, wa hādhihi al-qaṣīdah fī munājāt Allāh wa-hiya ḥikāyat hālihi wa-khātimat kitāb al-Najwá fī ṣināʻat al-ʻilm wa-al-dīn /</subfield>
		<subfield code="c">bi-qalam Jirjis Shilḥut.</subfield>
	</datafield>
	<datafield ind1=" " ind2=" " tag="260">
		<subfield code="a">[Cairo] :</subfield>
		<subfield code="b">[publisher not identified],</subfield>
		<subfield code="c">1920</subfield>
		<subfield code="e">(Miṣr :</subfield>
		<subfield code="f">Matbaʻat Raʻamsīs)</subfield>
	</datafield>
	<datafield ind1=" " ind2=" " tag="300">
		<subfield code="a">online resource (87 pages) :</subfield>
		<subfield code="b">portrait</subfield>
	</datafield>
	<datafield ind1=" " ind2=" " tag="336">
		<subfield code="a">text</subfield>
		<subfield code="2">rdacontent</subfield>
	</datafield>
	<datafield ind1=" " ind2=" " tag="337">
		<subfield code="a">computer</subfield>
		<subfield code="2">rdamedia</subfield>
	</datafield>
	<datafield ind1=" " ind2=" " tag="338">
		<subfield code="a">online resource</subfield>
		<subfield code="2">rdacarrier</subfield>
	</datafield>
	<datafield ind1=" " ind2=" " tag="500">
		<subfield code="a">Poems.</subfield>
	</datafield>
	<datafield ind1=" " ind2=" " tag="500">
		<subfield code="a">Part of the Arabic Collections Online (ACO) project, contributed by Princeton University Libraries.</subfield>
	</datafield>
	<datafield ind1=" " ind2=" " tag="533">
		<subfield code="a">Electronic reproduction.</subfield>
		<subfield code="b">New York, N.Y. :</subfield>
		<subfield code="c">New York University,</subfield>
		<subfield code="d">2016.</subfield>
		<subfield code="5">NNU</subfield>
	</datafield>
	<datafield ind1="2" ind2=" " tag="710">
		<subfield code="a">Princeton University.</subfield>
		<subfield code="b">Library.</subfield>
	</datafield>
	<datafield ind1="0" ind2=" " tag="730">
		<subfield code="a">Arabic Collections Online.</subfield>
	</datafield>
	<datafield ind1="0" ind2="8" tag="776">
		<subfield code="i">Online version:</subfield>
		<subfield code="a">Shilḥut, Jirjis.</subfield>
		<subfield code="t">Ḥubuk al-darāriʼ al-murassaʻah bi-ha ḥabāʼik al-durar.</subfield>
		<subfield code="d">[Cairo : s.n.], 1920 (Miṣr : Matbaʻat Raʻamsīs)</subfield>
		<subfield code="w">(OCoLC)656546641</subfield>
	</datafield>
	<datafield ind1="0" ind2="8" tag="776">
		<subfield code="i">Print version:</subfield>
		<subfield code="a">Shilḥut, Jirjis.</subfield>
		<subfield code="t">Ḥubuk al-darāriʼ al-murassaʻah bi-ha ḥabāʼik al-durar</subfield>
		<subfield code="w">(NjP)363429</subfield>
		<subfield code="w">(OCoLC)84188715</subfield>
	</datafield>
	<datafield ind1="4" ind2="0" tag="856">
		<subfield code="u">http://hdl.handle.net/2333.1/1ns1rrxq</subfield>
	</datafield>
	<datafield ind1=" " ind2=" " tag="959">
		<subfield code="a">NNU</subfield>
		<subfield code="b">WEB</subfield>
		<subfield code="c">GENI</subfield>
		<subfield code="t">0</subfield>
		<subfield code="m">Electronic access</subfield>
		<subfield code="s">01</subfield>
	</datafield>
	<datafield ind1=" " ind2=" " tag="999">
		<subfield code="i">NjP_363429</subfield>
		<subfield code="o">(OCoLC)ocm84188715 </subfield>
		<subfield code="s">princeton_aco000420</subfield>
		<subfield code="e">(ERROR-880)(ERROR-MISC)</subfield>
	</datafield>
</record>
